@Book{h2g2,
  author =    {Adams, Douglas},
  title =     {The Hitchhiker's Guide to the Galaxy},
  publisher = {Del Rey (reprint)},
  year =      1995,
  note =      {ISBN-13: 978-0345391803}}

@Book{pratchett06:_good_omens,
  author =    {Pratchett, Terry and Gaiman, Neil},
  title =     {Good Omens:
               \emph{The Nice and Accurate Prophecies of Agnes Nutter, Witch}},
  publisher = {HarperTorch (reprint)},
  year =      2006,
  note =      {ISBN-13: 978-0060853983}}

@Misc{wiki,
  author =       {Wikipedia},
  title =        {Thesis or dissertation},
  howpublished = {URL: \url{http://en.wikipedia.org/wiki/Thesis_or_dissertation},
                  last checked on 2010-01-07}}
              
@inproceedings{mansur2020detecting,
	title={Detecting critical bugs in SMT solvers using blackbox mutational fuzzing},
	author={Mansur, Muhammad Numair and Christakis, Maria and W{\"u}stholz, Valentin and Zhang, Fuyuan},
	booktitle={Proceedings of the 28th ACM Joint Meeting on European Software Engineering Conference and Symposium on the Foundations of Software Engineering},
	pages={701--712},
	year={2020}
}

@inproceedings{brummayer2009fuzzing,
	title={Fuzzing and delta-debugging SMT solvers},
	author={Brummayer, Robert and Biere, Armin},
	booktitle={Proceedings of the 7th International Workshop on Satisfiability Modulo Theories},
	pages={1--5},
	year={2009}
}